@article{exampleArticle,
  title={},
  author={},
  journal={},
  volume={},
  number={},
  pages={},
  year={},
  month={},
  DOI={},
  howpublished={\url{}}
}

@misc{exampleMisc,
  title={},
  author={},
  year={},
  month={},
  howpublished={\url{}},
  note={[Last Accessed: \today]}
}

@incollection{exampleChapter,
  title= {},
  author= {},
  editor= {},
  booktitle= {},
  publisher={},
  year= {},
  chapter= {},
  pages= {},
  howpublished={\url{}}
}

@book{PrinciplesOfMathematicalModeling,
  title={Principles of Mathematical Modeling},
  author={Clive L. Dym},
  publisher={Elsevier},
  number={2},
  year={2004},
  DOI={https://doi.org/10.1016/B978-0-12-226551-8.X5000-5},
  howpublished={\url{https://www.sciencedirect.com/book/9780122265518/principles-of-mathematical-modeling}},
}

@misc{fieldDIagram1,
  title={Volleyball Court Diagram},
  subtitle={Diagrams and Terms to Explain Volleyball},
  author={Dennis Jackson},
  year={2007},
  howpublished={\url{https://www.strength-and-power-for-volleyball.com/volleyball-court.html}},
  note={[Last Accessed: \today]}
}

@misc{dataGames,
  title={Volleyball World Championship 2018},
  author={{International Federation for Volleyball (FIVB)}},
  year={2018},
  month={},
  howpublished={\url{https://welcome.volleyballworld.tv/?fbclid=IwAR3_VrEGXqAeSwkax0d_iBevuz_MR7n_mAuIHB3kAHZ1PGgjFEfL6X_rypM}},
  note={[Last Accessed: \today]}
}

@misc{wolfram,
  title={Wolfram {M}athematica},
  author={Wolfram},
  year={2019},
  month={},
  howpublished={\url{https://www.wolfram.com/mathematica/}},
  note={[Last Accessed: \today]}
}
